<?xml version="1.0" encoding="UTF-8"?><collection xmlns="http://www.loc.gov/MARC21/slim"><record><leader>00474nam--2200145-i-4500</leader><controlfield tag="001">000011392</controlfield><controlfield tag="002">20161230</controlfield><controlfield tag="005">20161230201029</controlfield><controlfield tag="008">060222s1000------------r-----000-0-eng-d</controlfield><datafield ind1=" " ind2=" " tag="080"><subfield code="a">621.315.59</subfield></datafield><datafield ind1=" " ind2=" " tag="100"><subfield code="a">Bernhard, Josef Hermann., Knuppertz, Bruno</subfield></datafield><datafield ind1=" " ind2=" " tag="245"><subfield code="a">Initiere in tiristoare. utilizari in comanda s i reglarea actionatilor. traducere din literat ura germana (r.f.g.)</subfield></datafield><datafield ind1=" " ind2=" " tag="260"><subfield code="a">Bucuresti, Editura Tehnica, 1974 284 P</subfield></datafield><datafield ind1=" " ind2=" " tag="490"><subfield code="a">Seria Initiere</subfield></datafield><datafield ind1=" " ind2=" " tag="852"><subfield code="a">42301</subfield></datafield></record></collection>